<?xml version="1.0" encoding="UTF-8"?><collection xmlns="http://www.loc.gov/MARC21/slim"><record><leader>00396nam--2200133-i-4500</leader><controlfield tag="001">000013471</controlfield><controlfield tag="002">20161230</controlfield><controlfield tag="005">20161230201030</controlfield><controlfield tag="008">060222s1000------------r-----000-0-eng-d</controlfield><datafield ind1=" " ind2=" " tag="100"><subfield code="a">Carsky, Petr And Urban, Miroslav</subfield></datafield><datafield ind1=" " ind2=" " tag="245"><subfield code="a">Ab initio calculations. methods and applicatio ns in chemistry</subfield></datafield><datafield ind1=" " ind2=" " tag="260"><subfield code="a">Berlin, Springer-verlag, 1980</subfield></datafield><datafield ind1=" " ind2=" " tag="490"><subfield code="a">Lecture Notes In Chemistry</subfield></datafield><datafield ind1=" " ind2=" " tag="852"><subfield code="a">541:530.145.6</subfield></datafield></record></collection>